@online{blazor,
  author       = {Microsoft},
  title        = {ASP.NET Core Blazor},
  year         = {2024},
  url          = {https://learn.microsoft.com/en-us/aspnet/core/blazor/?view=aspnetcore-6.0}
},
@online{azureFunctions,
  author       = {Microsoft},
  title        = {What is Azure Functions?},
  year         = {2025},
  url          = {https://learn.microsoft.com/en-us/azure/azure-functions/functions-overview}
},
@online{azureDurableFunctions,
  author       = {Microsoft},
  title        = {Durable Functions overview},
  year         = {2025},
  url          = {https://learn.microsoft.com/en-us/azure/azure-functions/durable/durable-functions-overview?tabs=in-process%2Cnodejs-v3%2Cv1-model&pivots=csharp}
},
@online{stripe,
  author       = {Stripe},
  title        = {API Reference},
  year         = {n.d.},
  url          = {https://stripe.com/docs/api}
},
@online{azureStorageExplorer,
  author       = {Microsoft},
  title        = {Azure Storage Explorer documentation},
  year         = {n.d.},
  url          = {https://learn.microsoft.com/en-us/azure/storage/storage-explorer/vs-azure-tools-storage-manage-with-storage-explorer?tabs=macos}
},
@online{signalR,
  author       = {Microsoft},
  title        = {CSignalR documentation},
  year         = {n.d.},
  url          = {https://learn.microsoft.com/en-us/aspnet/core/signalr/introduction?view=aspnetcore-6.0}
}