@online{blazor,
  author       = {Microsoft},
  title        = {ASP.NET Core Blazor},
  year         = {2024},
  url          = {https://learn.microsoft.com/en-us/aspnet/core/blazor/?view=aspnetcore-6.0}
},
@online{azureFunctions,
  author       = {Microsoft},
  title        = {What is Azure Functions?},
  year         = {2025},
  url          = {https://learn.microsoft.com/en-us/azure/azure-functions/functions-overview}
},
@online{azureDurableFunctions,
  author       = {Microsoft},
  title        = {Durable Functions overview},
  year         = {2025},
  url          = {https://learn.microsoft.com/en-us/azure/azure-functions/durable/durable-functions-overview?tabs=in-process%2Cnodejs-v3%2Cv1-model&pivots=csharp}
},
@online{stripe,
  author       = {Stripe},
  title        = {API Reference},
  year         = {2022},
  url          = {https://stripe.com/docs/api}
},
@online{azureStorageExplorer,
  author       = {Microsoft},
  title        = {Azure Storage Explorer documentation},
  year         = {2023},
  url          = {https://learn.microsoft.com/en-us/azure/storage/storage-explorer/vs-azure-tools-storage-manage-with-storage-explorer?tabs=macos}
},
@online{signalR,
  author       = {Microsoft},
  title        = {SignalR documentation},
  year         = {2025},
  url          = {https://learn.microsoft.com/en-us/aspnet/core/signalr/introduction?view=aspnetcore-6.0}
},
@online{docker,
  author       = {Docker},
  title        = {Docker Desktop},
  year         = {2024},
  url          = {https://docs.docker.com/desktop/}
},
@online{rider,
  author       = {JetBrains},
  title        = {First steps with JetBrains Rider},
  year         = {2025},
  url          = {https://www.jetbrains.com/help/rider/First_Steps.html#power-alt-enter}
},
@online{azureStorage,
  author       = {Microsoft},
  title        = {What is Azure Table storage?},
  year         = {2022},
  url          = {https://learn.microsoft.com/en-us/azure/storage/tables/table-storage-overview}
},
@online{azurite,
  author       = {Microsoft},
  title        = {Use the Azurite emulator for local Azure Storage development},
  year         = {2024},
  url          = {https://learn.microsoft.com/en-us/azure/storage/common/storage-use-azurite?tabs=visual-studio%2Cblob-storage}
},
@online{charp,
  author       = {Microsoft},
  title        = {Introduction to C\#},
  year         = {2025},
  url          = {https://learn.microsoft.com/en-us/dotnet/csharp/tour-of-csharp/tutorials}
},
@online{dotnet,
  author       = {Microsoft},
  title        = {Introduction to .NET},
  year         = {2024},
  url          = {https://learn.microsoft.com/en-us/dotnet/core/introduction}
},
@online{designPatterns,
  author       = {Refactoring Guru},
  title        = {Design Patterns},
  year         = {2020},
  url          = {https://refactoring.guru/design-patterns/what-is-pattern}
},
@online{linq,
  author       = {Microsoft},
  title        = {Language Integrated Query (LINQ)},
  year         = {2023},
  url          = {https://learn.microsoft.com/en-us/dotnet/csharp/linq/}
},
@online{mudblazor,
  author       = {MudBlazor},
  title        = {Explore MudBlazor},
  year         = {2025},
  url          = {https://mudblazor.com/getting-started/installation#online-playground}
},
@online{signalREmulator,
  author       = {Microsoft},
  title        = {Use Azure SignalR Local Emulator for serverless development},
  year         = {2024},
  url          = {https://learn.microsoft.com/en-us/azure/azure-signalr/signalr-howto-emulator}
},
@online{refit,
  author       = {Refit},
  title        = {The automatic type-safe REST library for .NET Core, Xamarin and .NET},
  year         = {2024},
  url          = {https://github.com/reactiveui/refit}
},
@online{leaflet,
  author       = {Leaflet},
  title        = {Leaflet API reference},
  year         = {2025},
  url          = {https://leafletjs.com/reference.html}
},
@book{htmlcss,
  author       = {Jon Duckett},
  title        = {HTML and CSS: Design and Build Websites},
  year         = {2011},
  publisher    = {John Wiley \& Sons},
  edition      = {First Edition},
  isbn         = {978-1118008188}
}